<record><leader>00000cas a22000007a 4500</leader><controlfield tag="001">31990483</controlfield><controlfield tag="008">950214d19811984nyuwr ne      0    0eng d</controlfield><datafield ind1=" " ind2=" " tag="010"><subfield code="a">sn 95071062 </subfield></datafield><datafield ind1=" " ind2=" " tag="040"><subfield code="a">NYS</subfield><subfield code="b">eng</subfield><subfield code="c">NYS</subfield><subfield code="d">OCLCQ</subfield></datafield><datafield ind1=" " ind2=" " tag="042"><subfield code="a">msc</subfield></datafield><datafield ind1="0" ind2=" " tag="130"><subfield code="a">Bulletin (Franklin Square, N.Y. : 1981)</subfield></datafield><datafield ind1="1" ind2="0" tag="245"><subfield code="a">Bulletin.</subfield></datafield><datafield ind1=" " ind2=" " tag="260"><subfield code="a">Franklin Square, N.Y. :</subfield><subfield code="b">Carla Cohen</subfield></datafield><datafield ind1=" " ind2=" " tag="300"><subfield code="a">v.</subfield></datafield><datafield ind1=" " ind2=" " tag="310"><subfield code="a">Weekly</subfield></datafield><datafield ind1="0" ind2=" " tag="362"><subfield code="a">Vol. 42, no. 9, (Apr. 30, 1981)-v. 45, no. 5 (Mar. 29, 1984).</subfield></datafield><datafield ind1=" " ind2=" " tag="500"><subfield code="a">"Serving the communities of Franklin Square, West Hempstead, Malverne, Valley Stream, New Hyde Park, Garden City South."</subfield></datafield><datafield ind1=" " ind2="4" tag="651"><subfield code="a">Franklin Square (N.Y.)</subfield><subfield code="v">Newspapers.</subfield></datafield><datafield ind1=" " ind2="4" tag="651"><subfield code="a">Hempstead (N.Y. : Town)</subfield><subfield code="v">Newspapers.</subfield></datafield><datafield ind1=" " ind2="4" tag="651"><subfield code="a">Valley Stream (N.Y.)</subfield><subfield code="v">Newspapers.</subfield></datafield><datafield ind1=" " ind2="4" tag="651"><subfield code="a">New Hyde Park (N.Y.)</subfield><subfield code="v">Newspapers.</subfield></datafield><datafield ind1=" " ind2="4" tag="651"><subfield code="a">Garden City (N.Y.)</subfield><subfield code="v">Newspapers.</subfield></datafield><datafield ind1=" " ind2=" " tag="752"><subfield code="a">United States</subfield><subfield code="b">New York</subfield><subfield code="c">Nassau</subfield><subfield code="d">Franklin Square.</subfield></datafield><datafield ind1="0" ind2="0" tag="780"><subfield code="t">Franklin Square bulletin (Franklin Square, N.Y. : 1961)</subfield><subfield code="w">(DLC)sn 95071061</subfield></datafield><datafield ind1="0" ind2="0" tag="785"><subfield code="t">Franklin Square bulletin (Franklin Square, N.Y. : 1984)</subfield><subfield code="w">(DLC)sn 95071063</subfield></datafield><datafield ind1="1" ind2=" " tag="029"><subfield code="a">AU@</subfield><subfield code="b">000011634597</subfield></datafield></record>